@ARTICLE { paper,
	AUTHOR = {{Md. Mashud Rana, M. E. Kawsar, M. E. Rabbani, S. M. M. Rashid und K. E. U. Ahmed}},
	TITLE = {{An Enhanced Two-Dimensional Color Barcode System}},
	JOURNAL = {{Journal of Emerging Trends in Engineering and Applied Sciences (JETEAS)}},
	YEAR = {2011},
	Volume = {2},
	Number = {1},
	Pages = {126-131}
}

@ARTICLE { kant,
	AUTHOR = {{Immanuel Kant}},
	TITLE = {{Beantwortung der Frage: Was ist Aufklärung?}},
	JOURNAL = {{Berlinische Monatsschrift}},
	YEAR = {1784},
	Volume = {4},
	Pages = {481-494}
}
 @misc{ wiki:barcode,
   author = {{Wikipedia}},
   title = {{Barcode --- Wikipedia{,} The Free Encyclopedia}},
   year = "2013",
   url = "\url{http://en.wikipedia.org/w/index.php?title=Barcode&oldid=558925085}",
   howpublished = "\url{http://en.wikipedia.org/w/index.php?title=Barcode&oldid=558925085}",
   note = "[Online; accessed 14-June-2013]"
 }
 
  @misc{ wiki:upc,
   author = {{Wikipedia}},
   title = {{Universal Product Code --- Wikipedia{,} The Free Encyclopedia}},
   year = "2013",
   url = "\url{http://en.wikipedia.org/w/index.php?title=Universal_Product_Code&oldid=558763746}",
   howpublished = "\url{http://en.wikipedia.org/w/index.php?title=Universal_Product_Code&oldid=558763746}",
   note = "[Online; accessed 14-June-2013]"
 }
 
 @misc{ wiki:qr,
   author = {{Wikipedia}},
   title = {{QR code --- Wikipedia{,} The Free Encyclopedia}},
   year = "2013",
   url = "\url{http://en.wikipedia.org/w/index.php?title=QR_code&oldid=559415969}",
   howpublished = "\url{http://en.wikipedia.org/w/index.php?title=QR_code&oldid=559415969}",
   note = "[Online; accessed 14-June-2013]"
 }
 
  @misc{ wiki:hccb,
   author = {{Wikipedia}},
   title = {{High Capacity Color Barcode --- Wikipedia{,} The Free Encyclopedia}},
   year = "2013",
   url = "\url{http://en.wikipedia.org/w/index.php?title=High_Capacity_Color_Barcode&oldid=559150607}",
   howpublished = "\url{http://en.wikipedia.org/w/index.php?title=High_Capacity_Color_Barcode&oldid=559150607}",
   note = "[Online; accessed 14-June-2013]"
 }
 
  @misc{ ms:hccb,
   author = {{Microsoft Research}},
   title = {{About High Capacity Color Barcode Technology}},
   year = "2013",
   url = "\url{http://research.microsoft.com/en-us/projects/hccb/about.aspx}",
   howpublished = "\url{http://research.microsoft.com/en-us/projects/hccb/about.aspx}",
   note = "[Online; accessed 14-June-2013]"
 }
 
  @misc{ wiki:kant,
   author = {{Wikipedia}},
   title = {{Beantwortung der Frage: Was ist Aufklärung? --- Wikipedia{,} Die freie Enzyklopädie}},
   year = "2013",
   url = "\url{http://de.wikipedia.org/w/index.php?title=Beantwortung_der_Frage:_Was_ist_Aufkl%C3%A4rung%3F&oldid=118761194}",
   howpublished = "\url{http://de.wikipedia.org/w/index.php?title=Beantwortung_der_Frage:_Was_ist_Aufkl%C3%A4rung%3F&oldid=118761194}",
   note = "[Online; Stand 14. Juni 2013]"
 }